@online{NEI,
	title = "Facts About Color Blindness",
	month = "February",
	year = "2015",
	url = "https://nei.nih.gov/health/color_blindness/facts_about",
	author = "National Eye Institute"
}

@online{MITGlasses,
	title = "How EnChroma’s Glasses Correct Color-Blindness",
	month = "June",
	date = "27",
	year = "2016",
	url = "https://www.technologyreview.com/s/601782/how-enchromas-glasses-correct-color-blindness",
	author = "Ryan Cross",
	institution = "MIT Technology Review"
}


@online{enchroma,
	title = "Frequently Asked Questions",
	url = "http://enchroma.com/contact-us/",
	author = "enchroma"
}

@online{MITMonkey,
	title = "Color-Blind Monkeys Get Full Color Vision",
	date = "16",
	month = "September",
	year = "2009",
	url = "https://www.technologyreview.com/s/415339/color-blind-monkeys-get-full-color-vision/",
	author = "Emily Singer",
	institution = "MIT Technology Review"
}

@online{kmeans,
	title = "How K-Means algorithm works",
	date = "15",
	month = "July",
	year = "2013",
	url = "https://www.youtube.com/watch?v=IuRb3y8qKX4",
	author = "Thales Sehn Körting"
}